@article{aggarwal2011,
  title={Human activity analysis: A review},
  author={Aggarwal, JK and Ryoo, Michael S},
  journal={ACM Computing Surveys (CSUR)},
  year={2011}
}

@inproceedings{park2013,
  title={Exploring weak stabilization for motion feature extraction},
  author={Park, Dennis and Zitnick, C Lawrence and Ramanan, Deva and Doll{\'a}r, Piotr},
  booktitle={CVPR},
  year={2013}
}

@inproceedings{wu2011,
  title={Action recognition in videos acquired by a moving camera using motion decomposition of lagrangian particle trajectories},
  author={Wu, Shandong and Oreifej, Omar and Shah, Mubarak},
  booktitle={ICCV},
  year={2011}
}

@inproceedings{wang2011,
  title={Action recognition by dense trajectories},
  author={Wang, Heng and Klaser, Alexander and Schmid, Cordelia and Liu, Cheng-Lin},
  booktitle={CVPR},
  year={2011}
}

@article{laptev2005,
  title={On space-time interest points},
  author={Laptev, Ivan},
  journal={IJCV},
  year={2005}
}

@inproceedings{jain2013,
  title={Better exploiting motion for better action recognition},
  author={Jain, Mihir and J{\'e}gou, Herv{\'e} and Bouthemy, Patrick},
  booktitle={CVPR},
  year={2013}
}

@inproceedings{wang2013,
  title={Action recognition with improved trajectories},
  author={Wang, Heng and Schmid, Cordelia},
  booktitle={ICCV},
  year={2013}
}

@inproceedings{marszalek2009,
  title={Actions in context},
  author={Marszalek, Marcin and Laptev, Ivan and Schmid, Cordelia},
  booktitle={CVPR},
  year={2009}
}

@incollection{ikizler2010,
  title={Object, scene and actions: Combining multiple features for human action recognition},
  author={Ikizler-Cinbis, Nazli and Sclaroff, Stan},
  booktitle={ECCV},
  year={2010}
}

@article{oliva2001,
  title={Modeling the shape of the scene: A holistic representation of the spatial envelope},
  author={Oliva, Aude and Torralba, Antonio},
  journal={IJCV},
  year={2001}
}

@incollection{perronnin2010,
  title={Improving the fisher kernel for large-scale image classification},
  author={Perronnin, Florent and S{\'a}nchez, Jorge and Mensink, Thomas},
  booktitle={ECCV},
  year={2010}
}

@article{jegou2012,
  title={Aggregating local image descriptors into compact codes},
  author={J{\'e}gou, Herv{\'e} and Perronnin, Florent and Douze, Matthijs and S{\'a}nchez, Jorge and P{\'e}rez, Patrick and Schmid, Cordelia},
  journal={PAMI},
  year={2012}
}

@incollection{xwang2013,
  title={A comparative study of encoding, pooling and normalization methods for action recognition},
  author={Wang, Xingxing and Wang, LiMin and Qiao, Yu},
  booktitle={ACCV},
  year={2012}
}

@inproceedings{dollar2005,
  title={Behavior recognition via sparse spatio-temporal features},
  author={Dollar, Piotr and Rabaud, Vincent and Cottrell, Garrison and Belongie, Serge},
  booktitle={Visual Surveillance and Performance Evaluation of Tracking and Surveillance, 2005.},
  year={2005}
}

@inproceedings{laptev2008,
  title={Learning realistic human actions from movies},
  author={Laptev, Ivan and Marszalek, Marcin and Schmid, Cordelia and Rozenfeld, Benjamin},
  booktitle={CVPR},
  year={2008}
}

@inproceedings{kuehne2011,
  title={HMDB: a large video database for human motion recognition},
  author={Kuehne, Hildegard and Jhuang, Hueihan and Garrote, Est{\'\i}baliz and Poggio, Tomaso and Serre, Thomas},
  booktitle={ICCV},
  year={2011}
}

@inproceedings{blank2005,
  title={Actions as space-time shapes},
  author={Blank, Moshe and Gorelick, Lena and Shechtman, Eli and Irani, Michal and Basri, Ronen},
  booktitle={ICCV},
  year={2005}
}

@inproceedings{schuldt2004,
  title={Recognizing human actions: a local SVM approach},
  author={Schuldt, Christian and Laptev, Ivan and Caputo, Barbara},
  booktitle={ICPR},
  year={2004}
}

@incollection{niebles2010,
  title={Modeling temporal structure of decomposable motion segments for activity classification},
  author={Niebles, Juan Carlos and Chen, Chih-Wei and Fei-Fei, Li},
  booktitle={ECCV},
  year={2010}
}

@article{reddy2013,
  title={Recognizing 50 human action categories of web videos},
  author={Reddy, Kishore K and Shah, Mubarak},
  journal={Machine Vision and Applications},
  year={2013}
}

@article{lowe2004,
  title={Distinctive image features from scale-invariant keypoints},
  author={Lowe, David G},
  journal={IJCV},
  year={2004}
}

@article{zhang2007,
  title={Local features and kernels for classification of texture and object categories: A comprehensive study},
  author={Zhang, Jianguo and Marsza{\l}ek, Marcin and Lazebnik, Svetlana and Schmid, Cordelia},
  journal={IJCV},
  year={2007}
}

@incollection{jiang2012,
  title={Trajectory-based modeling of human actions with motion reference points},
  author={Jiang, Yu-Gang and Dai, Qi and Xue, Xiangyang and Liu, Wei and Ngo, Chong-Wah},
  booktitle={ECCV},
  year={2012}
}


@article{eightpoint97,
  title={In Defense of the Eight-Point Algorithm},
  author={Richard Hartley},
  journal={TPAMI},
  pages={580-593},
  year={1997}
}
